<?xml version="1.0" encoding="UTF-8"?><collection xmlns="http://www.loc.gov/MARC21/slim"><record><leader>00688nam--2200193-i-4500</leader><controlfield tag="001">000037570</controlfield><controlfield tag="002">20161230</controlfield><controlfield tag="005">20170113150254</controlfield><controlfield tag="008">060222s1000------------r-----000-0-eng-d</controlfield><datafield ind1=" " ind2=" " tag="040"><subfield code="a">IFIN-HH</subfield></datafield><datafield ind1=" " ind2=" " tag="080"><subfield code="a">535(082.1)</subfield></datafield><datafield ind1="1" ind2=" " tag="100"><subfield code="a">Wolf, Emil</subfield></datafield><datafield ind1="1" ind2="0" tag="245"><subfield code="a">Progress in optics. Vol. IX</subfield><subfield code="c">Emil Wolf (Ed.) A.L. Bloom, A.J. DeMaria, J.W. Strohbehn, E.O. Ammann, L. Allen, D.G.C. Jones, V.M. Agranovich, V.L. Ginzburg, K. Gniadek, J. Petykiewicz, B.R. Frieden (contributors)</subfield></datafield><datafield ind1=" " ind2=" " tag="260"><subfield code="a">North-Holland Publishing Company</subfield></datafield><datafield ind1="1" ind2=" " tag="700"><subfield code="a">Gniadek, K</subfield><subfield code="e">Contributor</subfield></datafield><datafield ind1=" " ind2=" " tag="700"><subfield code="a">Frieden, B.R</subfield><subfield code="e">Contributor</subfield></datafield><datafield ind1=" " ind2=" " tag="787"><subfield code="a">Vol. Ix</subfield><subfield code="d">1971</subfield><subfield code="h">422 p</subfield></datafield><datafield ind1=" " ind2=" " tag="852"><subfield code="a">16567</subfield><subfield code="c">535</subfield></datafield><datafield ind1=" " ind2=" " tag="CAT"><subfield code="a">SYS</subfield><subfield code="c">20170113</subfield><subfield code="h">150254</subfield></datafield></record></collection>